<?xml version="1.0" encoding="UTF-8"?><collection xmlns="http://www.loc.gov/MARC21/slim"><record><leader>00411nam--2200145-i-4500</leader><controlfield tag="001">000044077</controlfield><controlfield tag="002">20161230</controlfield><controlfield tag="005">20170215083819</controlfield><controlfield tag="008">060222s1000------------r-----000-0-rum-d</controlfield><datafield ind1=" " ind2=" " tag="080"><subfield code="a">621.384.6</subfield></datafield><datafield ind1=" " ind2="1" tag="100"><subfield code="a">Teodorescu, I.E</subfield></datafield><datafield ind1="1" ind2="0" tag="245"><subfield code="a">Acceleratoare de particule incarcate</subfield><subfield code="b">I.E.Teodorescu</subfield></datafield><datafield ind1=" " ind2=" " tag="260"><subfield code="a">Bucuresti, Editura Academiei R.S.R., 1967, 407p</subfield></datafield><datafield ind1=" " ind2=" " tag="852"><subfield code="a">25623</subfield><subfield code="b">621.384.6</subfield></datafield><datafield ind1=" " ind2=" " tag="CAT"><subfield code="a">SYS</subfield><subfield code="c">20170215</subfield><subfield code="h">083819</subfield></datafield></record></collection>